@book{banerjee2003hierarchical,
  title={Hierarchical modeling and analysis for spatial data},
  author={Banerjee, Sudipto and Carlin, Bradley P and Gelfand, Alan E},
  year={2003},
  publisher={Chapman and Hall/CRC}
}