@article{ekin2022integrated,
  title={Integrated statistical and decision models for multi-stage health care audit sampling},
  author={Ekin, Tahir and Musal, RM},
  journal={Journal of Applied Statistics},
  volume={49},
  number={9},
  pages={2307--2325},
  year={2022},
  publisher={Taylor \& Francis}
}

@article{ekin2019unsupervised,
  title={An unsupervised Bayesian hierarchical method for medical fraud assessment},
  author={Ekin, Tahir and Lakomski, Greg and Musal, Rasim Muzaffer},
  journal={Statistical Analysis and Data Mining: The ASA Data Science Journal},
  volume={12},
  number={2},
  pages={116--124},
  year={2019},
  publisher={Wiley Online Library}
}

@article{musal2018information,
  title={Information-theoretic multistage sampling framework for medical audits},
  author={Musal, Muzaffer and Ekin, Tahir},
  journal={Applied Stochastic Models in Business and Industry},
  volume={34},
  number={6},
  pages={893--907},
  year={2018},
  publisher={Wiley Online Library}
}